@misc{conveyors,
  title={web resource},
  author={http://www.iforce2d.net/src/iforce2d$\_$Conveyors.h },}
@misc{rubberthread,
  title={web resource},
  author={http://stackoverflow.com/questions/9192672/how-to-create-a-rubber-thread-in-box2d },}
@misc{manual,
  title={web resourse},
  author={http://www.box2d.org/manual.html$\#\_$Toc258082974 },}
@misc{boxtut,
  title={web resourse},
  author={http://blog.allanbishop.com/box2d-2-1a-tutorial-part-1},}
